@ARTICLE{1998ApJS..117..427N,
   author = {{Nummelin}, A. and {Bergman}, P. and {Hjalmarson}, A. and {Friberg}, P. and 
	{Irvine}, W.~M. and {Millar}, T.~J. and {Ohishi}, M. and {Saito}, S.
	},
    title = "{A Three-Position Spectral Line Survey of Sagittarius B2 between 218 and 263 GHz. I. The Observational Data}",
  journal = {\apjs},
 keywords = {ISM: INDIVIDUAL NAME: SAGITTARIUS B2, ISM: MOLECULES, LINE: IDENTIFICATION, SURVEYS},
     year = 1998,
    month = jul,
   volume = 117,
    pages = {427-+},
      doi = {10.1086/313126},
   adsurl = {http://cdsads.u-strasbg.fr/abs/1998ApJS..117..427N},
  adsnote = {Provided by the SAO/NASA Astrophysics Data System}
}


